<?xml version="1.0" encoding="UTF-8"?><record xmlns="http://www.loc.gov/MARC21/slim" xmlns:cinclude="http://apache.org/cocoon/include/1.0" xmlns:zs="http://www.loc.gov/zing/srw/">
  <leader>00431nz  a2200133n  4500</leader>
  <controlfield tag="001">nr 00003021 </controlfield>
  <controlfield tag="003">DLC</controlfield>
  <controlfield tag="005">20000208033727.0</controlfield>
  <controlfield tag="008">000128n| acannaabn          |n aaa     c</controlfield>
  <datafield tag="010" ind1=" " ind2=" ">
    <subfield code="a">nr 00003021 </subfield>
  </datafield>
  <datafield tag="040" ind1=" " ind2=" ">
    <subfield code="a">DSI-HMS</subfield>
    <subfield code="b">eng</subfield>
    <subfield code="c">DSI-HMS</subfield>
  </datafield>
  <datafield tag="100" ind1="1" ind2=" ">
    <subfield code="a">O'Brien, Robert,</subfield>
    <subfield code="d">1951-</subfield>
  </datafield>
  <datafield tag="670" ind1=" " ind2=" ">
    <subfield code="a">The twentyfour men in white, 1988:</subfield>
    <subfield code="b">t.p. (Fortuyn/O'Brien) p. 50 (Robert O'Brien)</subfield>
  </datafield>
  <datafield tag="670" ind1=" " ind2=" ">
    <subfield code="a">RLIN database, Jan. 28, 2000</subfield>
    <subfield code="b">(hdg.: O'Brien, Robert, 1951-)</subfield>
  </datafield>
</record>